<?xml version="1.0" encoding="UTF-8"?><collection xmlns="http://www.loc.gov/MARC21/slim"><record><leader>00545nam--2200205-u-4500</leader><controlfield tag="001">000050511</controlfield><controlfield tag="002">20161230</controlfield><controlfield tag="005">20161230201048</controlfield><controlfield tag="008">070904s1000------------r-----000-0-eng-d</controlfield><datafield ind1=" " ind2=" " tag="020"><subfield code="a">9812387951</subfield></datafield><datafield ind1=" " ind2=" " tag="040"><subfield code="a">IFIN-HH</subfield></datafield><datafield ind1=" " ind2=" " tag="080"><subfield code="a">539:539.141</subfield></datafield><datafield ind1="1" ind2=" " tag="100"><subfield code="a">Walecka,John Dirk</subfield></datafield><datafield ind1="1" ind2="0" tag="245"><subfield code="a">Theoretical Nuclear and Subnuclear Physics</subfield><subfield code="c">John Dirk Walecka</subfield></datafield><datafield ind1=" " ind2=" " tag="250"><subfield code="a">Second Edition</subfield></datafield><datafield ind1=" " ind2=" " tag="260"><subfield code="a">London</subfield><subfield code="b">World Scientific</subfield><subfield code="c">2004</subfield></datafield><datafield ind1=" " ind2=" " tag="300"><subfield code="a">607 p</subfield></datafield><datafield ind1=" " ind2="4" tag="650"><subfield code="a">Basic Nuclear Structure</subfield></datafield><datafield ind1=" " ind2=" " tag="852"><subfield code="a">81919</subfield><subfield code="c">539</subfield></datafield><datafield ind1=" " ind2=" " tag="CAT"><subfield code="a">Sys</subfield><subfield code="c">20110105</subfield><subfield code="h">160647</subfield></datafield></record></collection>